<record><leader>00000cas a2200000 a 4500</leader><controlfield tag="001">9561542</controlfield><controlfield tag="008">830531d17831785nyucr ne      0    0eng c</controlfield><datafield ind1=" " ind2=" " tag="010"><subfield code="a">sn 83030520 </subfield></datafield><datafield ind1=" " ind2=" " tag="040"><subfield code="a">NPU</subfield><subfield code="b">eng</subfield><subfield code="c">NPU</subfield><subfield code="d">NPV</subfield><subfield code="d">DLC</subfield><subfield code="d">NPX</subfield><subfield code="d">NPA</subfield><subfield code="d">NJW</subfield><subfield code="d">NPH</subfield><subfield code="d">MFN</subfield><subfield code="d">KNP</subfield><subfield code="d">CNK</subfield><subfield code="d">NVF</subfield><subfield code="d">OCL</subfield><subfield code="d">NYS</subfield><subfield code="d">CUS</subfield><subfield code="d">UKMGB</subfield><subfield code="d">OCLCQ</subfield><subfield code="d">OCLCF</subfield><subfield code="d">OCLCO</subfield></datafield><datafield ind1="7" ind2=" " tag="016"><subfield code="a">013914266</subfield><subfield code="2">Uk</subfield></datafield><datafield ind1="1" ind2=" " tag="029"><subfield code="a">AU@</subfield><subfield code="b">000020126596</subfield></datafield><datafield ind1=" " ind2=" " tag="042"><subfield code="a">pcc</subfield></datafield><datafield ind1=" " ind2=" " tag="043"><subfield code="a">n-us-ny</subfield></datafield><datafield ind1="0" ind2="0" tag="050"><subfield code="a">Newspaper</subfield></datafield><datafield ind1="1" ind2="4" tag="050"><subfield code="a">AP2</subfield><subfield code="b">.N39</subfield></datafield><datafield ind1="0" ind2=" " tag="130"><subfield code="a">New-York morning post (New York, N.Y. : 1783)</subfield></datafield><datafield ind1="1" ind2="0" tag="245"><subfield code="a">New-York morning post.</subfield></datafield><datafield ind1=" " ind2=" " tag="260"><subfield code="a">New York [N.Y.] :</subfield><subfield code="b">Printed by Morton and Horner</subfield></datafield><datafield ind1=" " ind2=" " tag="300"><subfield code="a">v. ;</subfield><subfield code="c">45 cm.</subfield></datafield><datafield ind1=" " ind2=" " tag="310"><subfield code="a">Semiweekly</subfield></datafield><datafield ind1="1" ind2=" " tag="362"><subfield code="a">Began in Apr. 1783.</subfield></datafield><datafield ind1="1" ind2=" " tag="362"><subfield code="a">Ceased Feb., 1785.</subfield><subfield code="z">Cf. Brigham, C.S., Amer. Newspapers.</subfield></datafield><datafield ind1=" " ind2=" " tag="588"><subfield code="a">Description based on: Vol. 3, no. 123 (July 18, 1783).</subfield></datafield><datafield ind1=" " ind2=" " tag="588"><subfield code="a">Latest issue consulted: Vol. 3, no. 155 (Nov. 7, 1783).</subfield></datafield><datafield ind1=" " ind2="0" tag="651"><subfield code="a">New York (N.Y.)</subfield><subfield code="v">Newspapers.</subfield></datafield><datafield ind1=" " ind2="0" tag="651"><subfield code="a">New York County (N.Y.)</subfield><subfield code="v">Newspapers.</subfield></datafield><datafield ind1=" " ind2="7" tag="655"><subfield code="a">Newspapers.</subfield><subfield code="2">fast</subfield><subfield code="0">(OCoLC)fst01423814</subfield></datafield><datafield ind1=" " ind2="7" tag="651"><subfield code="a">New York (State)</subfield><subfield code="z">New York.</subfield><subfield code="2">fast</subfield><subfield code="0">(OCoLC)fst01204333</subfield></datafield><datafield ind1=" " ind2="7" tag="651"><subfield code="a">New York (State)</subfield><subfield code="z">New York County.</subfield><subfield code="2">fast</subfield><subfield code="0">(OCoLC)fst01234953</subfield></datafield><datafield ind1=" " ind2=" " tag="752"><subfield code="a">United States</subfield><subfield code="b">New York</subfield><subfield code="c">New York</subfield><subfield code="d">New York.</subfield></datafield><datafield ind1="0" ind2="0" tag="780"><subfield code="t">New-York evening post (New York, N.Y. : 1782)</subfield><subfield code="w">(DLC)sn 92064219</subfield><subfield code="w">(OCoLC)26874571</subfield></datafield><datafield ind1="0" ind2="0" tag="785"><subfield code="t">New-York morning post, and daily advertiser</subfield><subfield code="w">(DLC)sn 83030521</subfield><subfield code="w">(OCoLC)9563418</subfield></datafield></record>